
@online{RPi_1,
    author = "MatLab",
    title = "Raspberry Pi Support from MATLAB, Part 1: Getting Started with MATLAB Support Package for Raspberry Pi Hardware",
    url  = "https://nl.mathworks.com/videos/install-the-matlab-support-package-for-raspberry-pi-94266.html",
    addendum = "",
    keywords = ""
}

@online{RPi_2,
	author = "Matlab",
	title = "Raspberry Pi Support from MATLAB, Part 2: Deploy MATLAB Algorithms on Raspberry Pi ",
	url  = "https://nl.mathworks.com/videos/deploy-matlab-algorithms-on-raspberry-pi-1591965724601.html",
	addendum = "",
	keywords = ""
}

@online{RPi_Getting_Started,
	author = "Matlab",
	title = "Getting Started with MATLAB Support Package for Raspberry Pi Hardware",
	url  = "https://nl.mathworks.com/help/supportpkg/raspberrypiio/ref/getting-started-with-matlab-support-package-for-raspberry-pi-hardware.html",
	addendum = "",
	keywords = ""
}

@online{RPi_Deploying,
	author = "Matlab",
	title = "Getting Started with Deploying a MATLAB Function on the Raspberry Pi Hardware",
	url  = "https://nl.mathworks.com/help/supportpkg/raspberrypiio/ref/getting-started-with-deploying-a-matlab-function-on-the-raspberry-pi-hardware.html",
	addendum = "",
	keywords = ""
}

@online{RPi_Connecting,
	author = "Matlab",
	title = "Connecting to Raspberry Pi Hardware Board",
	url  = "https://nl.mathworks.com/help/supportpkg/raspberrypiio/ug/about-connecting-to-raspberry-pi-hardware.html",
	addendum = "",
	keywords = ""
}

@online{RPi_Target,
	author = "MatLab",
	title = "Create Hardware Configuration Object",
	url  = "https://nl.mathworks.com/help/supportpkg/raspberrypiio/ug/create-hardware-configuration-object.html",
	addendum = "",
	keywords = ""
}
